@book{nise2015a,
    author = {Norman S. Nise},
    title = {Control systems engineering},
    year = {2015},
    publisher = {John Wiley \& Sons, Inc.}
}