@book{nise2015a,
    author = {Norman S. Nise},
    title = {Control systems engineering},
    edition = {Ed. VII},
    year = {2015},
    publisher = {John Wiley \& Sons, Inc.},
    pages = {182--186}
},
@manual{matlab2022a,
    author = {Matlab},
    title = {Rise time, settling time, and other step-response characteristics: MATLAB stepinfo},
    year = {2022},
    publisher = {The MathWorks, Inc.}
}